@article{BOE,
	title = "{España, lei 7/2010, do 31 de marzo, Xeral da Comunicación Audiovisual}",
	journal = "{Boletín Oficial Del Estado, xoves 1 de abril de 2010, suplemento en lingua galega ao núm. 79, sec I, páx. 30157}",
	author = "",
	url = "https://www.boe.es/boe_gallego/dias/2010/04/01/pdfs/BOE-A-2010-5292-G.pdf",
}

@article{guardian,
	author = "Ben Hammersley",
	title = "Audible revolution: Online radio is booming thanks to iPods, cheap audio software and weblogs",
	journal = "The Guardian",
	year = "12/04/2004",
	url = "https://www.theguardian.com/media/2004/feb/12/broadcasting.digitalmedia",
}

@article{EGM,
	title = "{3ª Ola EGM: el streaming supera a la onda media en la escucha de radio.}",
	author = "{Asociación  para la investigación de medios de comunicación (AIMC)}",
	journal = "30/11/2017",
	url = "https://www.aimc.es/a1mc-c0nt3nt/uploads/2017/11/171130_NP_EGM_2017ola3.pdf",
}

@article{fesp,
	title = "{Investigan a España por no dar licencias a medios comunitarios.}",
	journal = "Federación de Sindicatos de Periodistas (FeSP)",
	year = "14/03/2018",
	url = "http://www.fesp.org/index.php/noticias/item/8136-investigan-a-espana-por-no-dar-licencias-a-medios-comunitarios",
}

@book{unesco,
	author = "Frances J. Berrigan",
	title = "La Comunicación Comunitaria: Cometido de los medios de comunicación comunitaria en el desarrollo",
	publisher = "Editorial de la Unesco",
	year = "1981",
	url = "http://unesdoc.unesco.org/images/0013/001343/134355so.pdf",
}

